@misc{Bench,
	title = {Computer Language Benchmarks Game},
	howpublished = "\url{http://benchmarksgame.alioth.debian.org/u32q/compare.php?lang=ghc&lang2=gcc}",
	year = {2015}, 
	note = "[Accessed: ]"
}



% ------------------------------------------------------------------------
% SAMPLE BIBLIOGRAPHY FILE
% ------------------------------------------------------------------------
@misc{Misc1,
	key =          {CVE-2008-1368},
	title =        {Publication quality tables in LaTeX },
	howpublished = {},
	institution  = {NIST},
	day =       17,
	month =     {March},
	year =         2008,
	url = {http://nvd.nist.gov/nvd.cfm?cvename=CVE-2008-1368}
}
@misc{Misc2,
	author = {Ingo LÃ¼tkebohle},
	title = {{BWorld Robot Control Software}},
	howpublished = "\url{http://aiweb.techfak.uni-bielefeld.de/content/bworld-robot-control-software/}",
	year = {2008}, 
	note = "[Online; accessed 19-July-2008]"
}
@article{Article1,
	author = {Ancey, Christophe and Coussot, Philippe and Evesque, Pierre},
	journal = {Mechanics of Cohesive-frictional Materials},
	number = {4},
	pages = {385--403},
	title = {Examination of the possibility of a fluid-mechanics treatment of dense granular flow},
	url = {http://doi.wiley.com/10.1002/(SICI)1099-1484(199610)1:4<385::AID-CFM20>3.0.CO;2-0},
	volume = {1},
	year = {1996}
}
@ARTICLE{Article2,
	author={P. Enflo},
	title={On the invariant subspaces problem for {Banach} spaces},
	journal={Acta. Math.},
	note={Seminare Maurey-Schwartz (1975-1976)},
	volume={158},
	year={1987},
	pages={213-313},
}
@INBOOK{Inbook,
 author={N. Dunford and J. T. Schwartz},
 title={Linear {Operators},
        {Part} {I}: {General} {Theory}},
 pages={456},
 publisher={Interscience},
 address={New York},
 year={1957},
}
@BOOK{Book,
 author={Kenneth R. Davidson},
 title={Nest algebras},
 series={Pitman Research Notes in Mathematics Series},
 volume={191},
 publisher={Longman Scientific \& Technical},
 address={Harlow UK},
 year={1988},
}
